<collection xmlns="http://www.loc.gov/MARC21/slim">
   <record>
      <leader>04852nam a2200793 i 4500</leader>
      <controlfield tag="001">6774353</controlfield>
      <controlfield tag="003">MiAaPQ</controlfield>
      <controlfield tag="006">m     o  d |      </controlfield>
      <controlfield tag="007">cr cnu||||||||</controlfield>
      <controlfield tag="008">140929t20152015enkad   ob    001 0 eng d</controlfield>
      <datafield ind1=" " ind2=" " tag="020">
         <subfield code="a">9781118316733 (e-book)</subfield>
      </datafield>
      <datafield ind1=" " ind2=" " tag="020">
         <subfield code="a">9781118316740 (e-book)</subfield>
      </datafield>
      <datafield ind1=" " ind2=" " tag="020">
         <subfield code="a">9781118994924 (e-book)</subfield>
      </datafield>
      <datafield ind1=" " ind2=" " tag="020">
         <subfield code="z">9781118318546</subfield>
      </datafield>
      <datafield ind1=" " ind2=" " tag="035">
         <subfield code="a">ocn893686171</subfield>
      </datafield>
      <datafield ind1=" " ind2=" " tag="039">
         <subfield code="a">exclude</subfield>
      </datafield>
      <datafield ind1=" " ind2=" " tag="040">
         <subfield code="a">MiAaPQ</subfield>
         <subfield code="b">eng</subfield>
         <subfield code="e">rda</subfield>
         <subfield code="e">pn</subfield>
         <subfield code="c">MiAaPQ</subfield>
         <subfield code="d">MiAaPQ</subfield>
         <subfield code="d">AEU</subfield>
      </datafield>
      <datafield ind1=" " ind2="4" tag="050">
         <subfield code="a">HG4515.15</subfield>
         <subfield code="b">.W368 2014</subfield>
      </datafield>
      <datafield ind1="0" ind2=" " tag="082">
         <subfield code="a">332.601/9</subfield>
         <subfield code="2">23</subfield>
      </datafield>
      <datafield ind1=" " ind2=" " tag="090">
         <subfield code="a">Internet Access</subfield>
         <subfield code="b">AEC</subfield>
      </datafield>
      <datafield ind1=" " ind2=" " tag="090">
         <subfield code="a">Internet Access</subfield>
         <subfield code="b">AGPC</subfield>
      </datafield>
      <datafield ind1=" " ind2=" " tag="090">
         <subfield code="a">Internet Access</subfield>
         <subfield code="b">AEGMCT</subfield>
      </datafield>
      <datafield ind1=" " ind2=" " tag="090">
         <subfield code="a">Internet Access</subfield>
         <subfield code="b">ARDC</subfield>
      </datafield>
      <datafield ind1=" " ind2=" " tag="090">
         <subfield code="a">Internet Access</subfield>
         <subfield code="b">AEC</subfield>
      </datafield>
      <datafield ind1=" " ind2=" " tag="090">
         <subfield code="a">Internet Access</subfield>
         <subfield code="b">AGPC</subfield>
      </datafield>
      <datafield ind1=" " ind2=" " tag="090">
         <subfield code="a">Internet Access</subfield>
         <subfield code="b">AEGMCT</subfield>
      </datafield>
      <datafield ind1=" " ind2=" " tag="090">
         <subfield code="a">Internet Access</subfield>
         <subfield code="b">ARDC</subfield>
      </datafield>
      <datafield ind1=" " ind2=" " tag="090">
         <subfield code="a">Internet Access</subfield>
         <subfield code="b">AEU</subfield>
      </datafield>
      <datafield ind1="1" ind2=" " tag="100">
         <subfield code="a">Ward, Steve,</subfield>
         <subfield code="d">1969-</subfield>
         <subfield code="e">author.</subfield>
         <subfield code="0">http://id.loc.gov/authorities/names/no2010092073</subfield>
         <subfield code="0">http://viaf.org/viaf/266080881</subfield>
      </datafield>
      <datafield ind1="1" ind2="0" tag="245">
         <subfield code="a">Tradermind :</subfield>
         <subfield code="b">get a mindful edge in the markets  /</subfield>
         <subfield code="c">Steve Ward.</subfield>
      </datafield>
      <datafield ind1=" " ind2="1" tag="264">
         <subfield code="a">Chichester, England :</subfield>
         <subfield code="b">Wiley,</subfield>
         <subfield code="c">2015.</subfield>
      </datafield>
      <datafield ind1=" " ind2="4" tag="264">
         <subfield code="c">©2015</subfield>
      </datafield>
      <datafield ind1=" " ind2=" " tag="300">
         <subfield code="a">1 online resource (251 pages) :</subfield>
         <subfield code="b">illustrations, charts</subfield>
      </datafield>
      <datafield ind1=" " ind2=" " tag="336">
         <subfield code="a">text</subfield>
         <subfield code="2">rdacontent</subfield>
         <subfield code="0">http://id.loc.gov/vocabulary/contentTypes/txt</subfield>
      </datafield>
      <datafield ind1=" " ind2=" " tag="337">
         <subfield code="a">computer</subfield>
         <subfield code="b">c</subfield>
         <subfield code="2">rdamedia</subfield>
         <subfield code="0">http://id.loc.gov/vocabulary/mediaTypes/c</subfield>
      </datafield>
      <datafield ind1=" " ind2=" " tag="338">
         <subfield code="a">online resource</subfield>
         <subfield code="b">cr</subfield>
         <subfield code="2">rdacarrier</subfield>
         <subfield code="0">http://id.loc.gov/vocabulary/carriers/cr</subfield>
      </datafield>
      <datafield ind1=" " ind2=" " tag="500">
         <subfield code="a">"How to Train Your Mind, Manage Your Emotions, Enhance Your Decisions and Maximise Your Profits."</subfield>
      </datafield>
      <datafield ind1=" " ind2=" " tag="504">
         <subfield code="a">Includes bibliographical references and index.</subfield>
      </datafield>
      <datafield ind1=" " ind2=" " tag="506">
         <subfield code="a">Access restricted to authorized users and institutions.</subfield>
      </datafield>
      <datafield ind1=" " ind2=" " tag="588">
         <subfield code="a">Description based on print version record.</subfield>
      </datafield>
      <datafield ind1=" " ind2=" " tag="596">
         <subfield code="a">21 35 44 57 60</subfield>
      </datafield>
      <datafield ind1=" " ind2="0" tag="650">
         <subfield code="a">Investments</subfield>
         <subfield code="x">Psychological aspects.</subfield>
         <subfield code="0">http://id.loc.gov/authorities/subjects/sh2008104905</subfield>
      </datafield>
      <datafield ind1=" " ind2="0" tag="650">
         <subfield code="a">Speculation</subfield>
         <subfield code="x">Psychological aspects.</subfield>
      </datafield>
      <datafield ind1=" " ind2=" " tag="758">
         <subfield code="0">http://worldcat.org/entity/work/id/54405348</subfield>
      </datafield>
      <datafield ind1="0" ind2=" " tag="787">
         <subfield code="n">OCLC Work Id</subfield>
         <subfield code="o">http://worldcat.org/entity/work/id/54405348</subfield>
      </datafield>
      <datafield ind1="4" ind2="0" tag="856">
         <subfield code="3">Concordia University of Edmonton Access</subfield>
         <subfield code="u">http://ebookcentral.proquest.com/lib/concordiaab-ebooks/detail.action?docID=1794061</subfield>
         <subfield code="z">(Unlimited Concurrent Users)</subfield>
         <subfield code="z">from Ebook Central Academic Complete</subfield>
      </datafield>
      <datafield ind1="4" ind2="0" tag="856">
         <subfield code="3">Grande Prairie Regional College Access</subfield>
         <subfield code="u">http://ebookcentral.proquest.com/lib/gprc-ebooks/detail.action?docID=1794061</subfield>
         <subfield code="z">(Unlimited Concurrent Users)</subfield>
         <subfield code="z">from Ebook Central Academic Complete</subfield>
      </datafield>
      <datafield ind1="4" ind2="0" tag="856">
         <subfield code="3">MacEwan University Access</subfield>
         <subfield code="u">http://ebookcentral.proquest.com/lib/macewan-ebooks/detail.action?docID=1794061</subfield>
         <subfield code="z">(Unlimited Concurrent Users)</subfield>
         <subfield code="z">from Ebook Central Academic Complete</subfield>
      </datafield>
      <datafield ind1="4" ind2="0" tag="856">
         <subfield code="3">Red Deer College Access</subfield>
         <subfield code="u">http://ebookcentral.proquest.com/lib/rdc/detail.action?docID=1794061</subfield>
         <subfield code="z">(Unlimited Concurrent Users)</subfield>
         <subfield code="z">from Ebook Central Academic Complete</subfield>
      </datafield>
      <datafield ind1="4" ind2="0" tag="856">
         <subfield code="3">Concordia University of Edmonton Access</subfield>
         <subfield code="u">http://site.ebrary.com/lib/concordiaab/Doc?id=10940915</subfield>
         <subfield code="z">from ebrary</subfield>
      </datafield>
      <datafield ind1="4" ind2="0" tag="856">
         <subfield code="3">Grande Prairie Regional College Access</subfield>
         <subfield code="u">http://ezproxy.agpc.talonline.ca:80/login?url=http://site.ebrary.com/lib/gprc/Doc?id=10940915</subfield>
         <subfield code="z">from ebrary</subfield>
      </datafield>
      <datafield ind1="4" ind2="0" tag="856">
         <subfield code="3">MacEwan University Access</subfield>
         <subfield code="u">http://site.ebrary.com/lib/macewan/Doc?id=10940915</subfield>
         <subfield code="z">(Unlimited Concurrent Users)</subfield>
         <subfield code="z">from ebrary</subfield>
      </datafield>
      <datafield ind1="4" ind2="0" tag="856">
         <subfield code="3">Red Deer College Access</subfield>
         <subfield code="u">http://site.ebrary.com/lib/rdcollege/Doc?id=10940915</subfield>
         <subfield code="z">from ebrary</subfield>
      </datafield>
      <datafield ind1="4" ind2="0" tag="856">
         <subfield code="3">University of Alberta Access</subfield>
         <subfield code="u">http://dx.doi.org/10.1002/9781118994924</subfield>
         <subfield code="z">(Unlimited Concurrent Users)</subfield>
      </datafield>
      <datafield ind1=" " ind2=" " tag="949">
         <subfield code="h">UAIN</subfield>
         <subfield code="m">CONCORDIA</subfield>
         <subfield code="z">EBCACCN</subfield>
      </datafield>
      <datafield ind1=" " ind2=" " tag="949">
         <subfield code="h">UAIN</subfield>
         <subfield code="m">GPRC_INT</subfield>
         <subfield code="z">EBCACGP</subfield>
      </datafield>
      <datafield ind1=" " ind2=" " tag="949">
         <subfield code="h">UAIN</subfield>
         <subfield code="m">GR_MAC_INT</subfield>
         <subfield code="z">EBCACMAC</subfield>
      </datafield>
      <datafield ind1=" " ind2=" " tag="949">
         <subfield code="h">UAIN</subfield>
         <subfield code="m">RED_DEER_C</subfield>
         <subfield code="z">EBCACRD</subfield>
      </datafield>
      <datafield ind1=" " ind2=" " tag="919">
         <subfield code="a">EBC1794061</subfield>
      </datafield>
      <datafield ind1=" " ind2=" " tag="919">
         <subfield code="a">ebr10940915</subfield>
      </datafield>
      <datafield ind1=" " ind2=" " tag="926">
         <subfield code="a">Internet Access</subfield>
         <subfield code="w">LC</subfield>
         <subfield code="c">1</subfield>
         <subfield code="i">6774353-1001</subfield>
         <subfield code="l">INTERNET</subfield>
         <subfield code="m">UAINTERNET</subfield>
         <subfield code="r">Y</subfield>
         <subfield code="s">Y</subfield>
         <subfield code="t">E-RESOURCE</subfield>
         <subfield code="u">1/12/2015</subfield>
         <subfield code="x">E-BOOK</subfield>
         <subfield code="z">WILEYOL</subfield>
      </datafield>
      <datafield ind1=" " ind2=" " tag="926">
         <subfield code="a">Internet Access</subfield>
         <subfield code="w">LC</subfield>
         <subfield code="c">1</subfield>
         <subfield code="i">6774353-2001</subfield>
         <subfield code="k">DISCARD</subfield>
         <subfield code="l">INTERNET</subfield>
         <subfield code="m">CONCORDIA</subfield>
         <subfield code="r">Y</subfield>
         <subfield code="s">Y</subfield>
         <subfield code="t">E-RESOURCE</subfield>
         <subfield code="u">1/6/2016</subfield>
         <subfield code="x">E-BOOK</subfield>
         <subfield code="z">EBRARYACCN</subfield>
      </datafield>
      <datafield ind1=" " ind2=" " tag="926">
         <subfield code="a">Internet Access</subfield>
         <subfield code="w">LC</subfield>
         <subfield code="c">2</subfield>
         <subfield code="i">6774353-2002</subfield>
         <subfield code="l">INTERNET</subfield>
         <subfield code="m">CONCORDIA</subfield>
         <subfield code="r">Y</subfield>
         <subfield code="s">Y</subfield>
         <subfield code="t">E-RESOURCE</subfield>
         <subfield code="u">3/9/2017</subfield>
         <subfield code="x">E-BOOK</subfield>
         <subfield code="z">EBCACCN</subfield>
      </datafield>
      <datafield ind1=" " ind2=" " tag="926">
         <subfield code="a">Internet Access</subfield>
         <subfield code="w">LC</subfield>
         <subfield code="c">1</subfield>
         <subfield code="i">6774353-3001</subfield>
         <subfield code="k">DISCARD</subfield>
         <subfield code="l">INTERNET</subfield>
         <subfield code="m">GPRC_INT</subfield>
         <subfield code="r">Y</subfield>
         <subfield code="s">Y</subfield>
         <subfield code="t">E-RESOURCE</subfield>
         <subfield code="u">1/6/2016</subfield>
         <subfield code="x">E-BOOK</subfield>
         <subfield code="z">EBRARYACGP</subfield>
      </datafield>
      <datafield ind1=" " ind2=" " tag="926">
         <subfield code="a">Internet Access</subfield>
         <subfield code="w">LC</subfield>
         <subfield code="c">2</subfield>
         <subfield code="i">6774353-3002</subfield>
         <subfield code="l">INTERNET</subfield>
         <subfield code="m">GPRC_INT</subfield>
         <subfield code="r">Y</subfield>
         <subfield code="s">Y</subfield>
         <subfield code="t">E-RESOURCE</subfield>
         <subfield code="u">3/9/2017</subfield>
         <subfield code="x">E-BOOK</subfield>
         <subfield code="z">EBCACGP</subfield>
      </datafield>
      <datafield ind1=" " ind2=" " tag="926">
         <subfield code="a">Internet Access</subfield>
         <subfield code="w">LC</subfield>
         <subfield code="c">1</subfield>
         <subfield code="i">6774353-4001</subfield>
         <subfield code="k">DISCARD</subfield>
         <subfield code="l">INTERNET</subfield>
         <subfield code="m">GR_MAC_INT</subfield>
         <subfield code="r">Y</subfield>
         <subfield code="s">Y</subfield>
         <subfield code="t">E-RESOURCE</subfield>
         <subfield code="u">1/6/2016</subfield>
         <subfield code="x">E-BOOK</subfield>
         <subfield code="z">EBRARYACGM</subfield>
      </datafield>
      <datafield ind1=" " ind2=" " tag="926">
         <subfield code="a">Internet Access</subfield>
         <subfield code="w">LC</subfield>
         <subfield code="c">2</subfield>
         <subfield code="i">6774353-4002</subfield>
         <subfield code="l">INTERNET</subfield>
         <subfield code="m">GR_MAC_INT</subfield>
         <subfield code="r">Y</subfield>
         <subfield code="s">Y</subfield>
         <subfield code="t">E-RESOURCE</subfield>
         <subfield code="u">3/9/2017</subfield>
         <subfield code="x">E-BOOK</subfield>
         <subfield code="z">EBCACMAC</subfield>
      </datafield>
      <datafield ind1=" " ind2=" " tag="926">
         <subfield code="a">Internet Access</subfield>
         <subfield code="w">LC</subfield>
         <subfield code="c">1</subfield>
         <subfield code="i">6774353-5001</subfield>
         <subfield code="k">DISCARD</subfield>
         <subfield code="l">INTERNET</subfield>
         <subfield code="m">RED_DEER_C</subfield>
         <subfield code="r">Y</subfield>
         <subfield code="s">Y</subfield>
         <subfield code="t">E-RESOURCE</subfield>
         <subfield code="u">1/6/2016</subfield>
         <subfield code="x">E-BOOK</subfield>
         <subfield code="z">EBRARYACRD</subfield>
      </datafield>
      <datafield ind1=" " ind2=" " tag="926">
         <subfield code="a">Internet Access</subfield>
         <subfield code="w">LC</subfield>
         <subfield code="c">2</subfield>
         <subfield code="i">6774353-5002</subfield>
         <subfield code="l">INTERNET</subfield>
         <subfield code="m">RED_DEER_C</subfield>
         <subfield code="r">Y</subfield>
         <subfield code="s">Y</subfield>
         <subfield code="t">E-RESOURCE</subfield>
         <subfield code="u">3/9/2017</subfield>
         <subfield code="x">E-BOOK</subfield>
         <subfield code="z">EBCACRD</subfield>
      </datafield>
   </record>
</collection>
